@inproceedings{Potts1952,
  title={Some generalized order-disorder transformations},
  author={Potts, Renfrey Burnard},
  booktitle={Mathematical proceedings of the cambridge philosophical society},
  volume={48},
  number={1},
  pages={106--109},
  year={1952},
  organization={Cambridge University Press}
}

@article{Box1976,
  title={Science and statistics},
  author={Box, George EP},
  journal={Journal of the American Statistical Association},
  volume={71},
  number={356},
  pages={791--799},
  year={1976},
  publisher={Taylor \& Francis}
}

@article{Zucchini2000,
  title={An introduction to model selection},
  author={Zucchini, Walter},
  journal={Journal of mathematical psychology},
  volume={44},
  number={1},
  pages={41--61},
  year={2000},
  publisher={Elsevier}
}

@article{Boulesteix2014,
  title={Machine learning versus statistical modeling},
  author={Boulesteix, Anne-Laure and Schmid, Matthias},
  journal={Biometrical Journal},
  volume={56},
  number={4},
  pages={588--593},
  year={2014},
  publisher={Wiley Online Library}
}

@article{Barton2016,
  title={ACE: adaptive cluster expansion for maximum entropy graphical model inference},
  author={Barton, John P and De Leonardis, Eleonora and Coucke, Alice and Cocco, Simona},
  journal={Bioinformatics},
  volume={32},
  number={20},
  pages={3089--3097},
  year={2016},
  publisher={Oxford University Press}
}

@article{Nguyen2017,
  title={Inverse statistical problems: from the inverse Ising problem to data science},
  author={Nguyen, H Chau and Zecchina, Riccardo and Berg, Johannes},
  journal={Advances in Physics},
  volume={66},
  number={3},
  pages={197--261},
  year={2017},
  publisher={Taylor \& Francis}
}

@article{Ding2018,
  author={Ding, Jie and Tarokh, Vahid and Yang, Yuhong},
  journal={IEEE Signal Processing Magazine}, 
  title={Model Selection Techniques: An Overview}, 
  year={2018},
  volume={35},
  number={6},
  pages={16-34},
  doi={10.1109/MSP.2018.2867638}
}

@article{Baker2018,
  title={Mechanistic models versus machine learning, a fight worth fighting for the biological community?},
  author={Baker, Ruth E and Pena, Jose-Maria and Jayamohan, Jayaratnam and J{\'e}rusalem, Antoine},
  journal={Biology letters},
  volume={14},
  number={5},
  pages={20170660},
  year={2018},
  publisher={The Royal Society}
}

@article{Beretta2018,
  title={The Stochastic complexity of spin models: Are pairwise models really simple?},
  author={Beretta, Alberto and Battistin, Claudia and De Mulatier, Cl{\'e}lia and Mastromatteo, Iacopo and Marsili, Matteo},
  journal={Entropy},
  volume={20},
  number={10},
  pages={739},
  year={2018},
  publisher={MDPI}
}

@article{Demulatier2020,
  title={Statistical inference of minimally complex models},
  author={de Mulatier, Cl{\'e}lia and Mazza, Paolo P and Marsili, Matteo},
  journal={arXiv preprint arXiv:2008.00520},
  year={2020}
}

@article{Battiston2021,
  title={The physics of higher-order interactions in complex systems},
  author={Battiston, Federico and Amico, Enrico and Barrat, Alain and Bianconi, Ginestra and Ferraz de Arruda, Guilherme and Franceschiello, Benedetta and Iacopini, Iacopo and K{\'e}fi, Sonia and Latora, Vito and Moreno, Yamir and others},
  journal={Nature Physics},
  volume={17},
  number={10},
  pages={1093--1098},
  year={2021},
  publisher={Nature Publishing Group UK London}
}
